
@book{Ana1Skripta,
	author    = {Josip Globevnik in Miha Brojan},
	title     = {Analiza I},
	year			= {2012},
	note 			= {\url{https://www.fmf.uni-lj.si/~globevnik/skripta.pdf} (dostop 24.3.2020)},
}

@book{MrcunTop,
	author		= {Janez Mrčun},
	title			= {Topologija},
	publisher	= {DMFA - založništvo},
	year			= 2008,
}

@article{Young,
	author		= {Matt Young},
	title			= {The {Stone}-{Weierstrass} theorem},
	year			= {Winter term, 2006},
	note			= {\url{https://mast.queensu.ca/~speicher/Section14.pdf} (dostop 16.3.2020)},
}

@manual{Kadison,
	author		= {Richard V. Kadison in Zhe Liu},
	title			= {Bernstein Polynomials and Approximation},
	note			= {\url{https://www.math.upenn.edu/~kadison/bernstein.pdf} (dostop 23.3.2020)},
}

@Mastersdegree{Vidrih,
	author		= {Jana Vidrih},
	title			= {Stabilnost baze {Bernsteinovih} polinomov},
	year			= 2016,
	pages			= {2--8},
	note			= {\url{https://repozitorij.uni-lj.si/Dokument.php?lang=slv&id=106286} (dostop 16.3.2020)},
}